@misc{Schlenk2001ESchlembeddingPI,
  title={Embedding Problems in Symplectic Geometry. PhD Thesis. ETH},
  author={Felix Schlenk},
  year={2001},
}
@misc{Schlenk2005ESchlembeddingPI,
  title={Embedding Problems in Symplectic Geometry},
  author={Felix Schlenk},
  year={2005},
  url={https://api.semanticscholar.org/CorpusID:118267261}
}


@misc{Ostrover2019SymplecticEO,
  author    = {Yaron Ostrover and Vinicius Gripp Barros Ramos},
  title     = {Symplectic embeddings of the $l_p$-sum of two discs},
  year      = {2019},
  eprint    = {1901.00001},
  archivePrefix = {arXiv},
  primaryClass = {math.SG},
}


@inproceedings{CristofaroGardiner2023OnTA,
  title={On the agreement of symplectic capacities in high dimension},
  author={Daniel Cristofaro-Gardiner and Richard Hind},
  year={2023},
  url={https://api.semanticscholar.org/CorpusID:260125166}
}




@misc{https://doi.org/10.48550/arxiv.2110.02312,
  doi = {10.48550/ARXIV.2110.02312},
  
  url = {https://arxiv.org/abs/2110.02312},
  
  author = {Ferreira, Brayan and Ramos, Vinicius G. B.},
  
  keywords = {Symplectic Geometry (math.SG), FOS: Mathematics, FOS: Mathematics},
  
  title = {Symplectic embeddings into disk cotangent bundles},
  
  publisher = {arXiv},
  
  year = {2021},
  
  copyright = {arXiv.org perpetual, non-exclusive license}
}
@article{Ostrover2014WhenST,
  title={When symplectic topology meets Banach space geometry},
  author={Y Ostrover},
  journal={arXiv: Symplectic Geometry},
  year={2014}
}
@misc{https://doi.org/10.48550/arxiv.2111.09177,
  doi = {10.48550/ARXIV.2111.09177},
  
  url = {https://arxiv.org/abs/2111.09177},
  
  author = {Haim-Kislev, Pazit and Ostrover, Yaron},
  
  keywords = {Symplectic Geometry (math.SG), FOS: Mathematics, FOS: Mathematics, 53D05, 52A20, 52A40},
  
  title = {Remarks on symplectic capacities of $p$-products},
  
  publisher = {arXiv},
  
  year = {2021},
  
  copyright = {arXiv.org perpetual, non-exclusive license}
}
@misc{https://doi.org/10.48550/arxiv.1911.06062,
  doi = {10.48550/ARXIV.1911.06062},
  
  url = {https://arxiv.org/abs/1911.06062},
  
  author = {Ostrover, Yaron and Ramos, Vinicius G. B.},
  
  keywords = {Symplectic Geometry (math.SG), FOS: Mathematics, FOS: Mathematics},
  
  title = {Symplectic embeddings of the $\ell_p$-sum of two discs},
  
  publisher = {arXiv},
  
  year = {2019},
  
  copyright = {arXiv.org perpetual, non-exclusive license}
}
@article{Chaidez2020ComputingRD,
  title={Computing Reeb dynamics on 4d convex polytopes},
  author={Julian Chaidez and Michael Hutchings},
  journal={arXiv: Symplectic Geometry},
  year={2020}
}
@article{HaimKislev2019OnTS,
  title={On the Symplectic Size of Convex Polytopes},
  author={Pazit Haim-Kislev},
  journal={Geometric and Functional Analysis},
  year={2019},
  volume={29},
  pages={440-463}
}
@article{10.4310/jdg/1214432547,
author = {Alan Weinstein},
title = {{On the volume of manifolds all of whose geodesics are closed}},
volume = {9},
journal = {Journal of Differential Geometry},
number = {4},
publisher = {Lehigh University},
pages = {513 -- 517},
year = {1974},
doi = {10.4310/jdg/1214432547},
URL = {https://doi.org/10.4310/jdg/1214432547}
}
@misc{nuestropaper,
  
  author = {Ferreira, B.; Ramos, Vinicius G. B. and Vicente, Alejandro},

  
  title = {Gromov width of disk cotangent bundles of spheres of revolution.},
  
  year = {in preparation},
}
@article{Abbondandolo2015SharpSI,
  title={Sharp systolic inequalities for Reeb flows on the three-sphere},
  author={Alberto Abbondandolo and Barney Bramham and Umberto L. Hryniewicz and Pedro A. S. Salom{\~a}o},
  journal={Inventiones mathematicae},
  year={2015},
  volume={211},
  pages={687-778}
}
@inproceedings{Hofer1990ANC,
  title={A New Capacity for Symplectic Manifolds},
  author={Helmut Hofer and Eduard Zehnder},
  year={1990}
}
@article{Viterbo1988-1989,
author = {Viterbo, Claude},
journal = {Séminaire Bourbaki},
keywords = {width construction; pseudoholomorphic curves; Ekeland-Hofer capacities; Hamiltonian systems; symplectic diffeomorphisms},
language = {fre},
pages = {345-362},
publisher = {Société Mathématique de France},
title = {Capacités symplectiques et applications},
url = {http://eudml.org/doc/110115},
volume = {31},
year = {1988-1989},
}
@article{Hutchings2014LectureNO,
  title={Lecture Notes on Embedded Contact Homology},
  author={Michael Hutchings},
  journal={arXiv: Symplectic Geometry},
  year={2014},
  pages={389-484}
}
@article{mythesis,
  title={Prequantization contact forms in $S^3$ and integrable systems},
  author={Alejandro Vicente},
  journal={PhD Thesis, in preparation},
}
@article{Schlenk2017SymplecticEP,
  title={Symplectic embedding problems, old and new},
  author={Felix Schlenk},
  journal={Bulletin of the American Mathematical Society},
  year={2017},
  volume={55},
  pages={139-182}
}
@article{Richter1995ActionIF,
  title={Action Integrals for Ellipsoidal Billiards},
  author={Peter H. Richter and Andreas Wittek and Mikhail P. Kharlamov and A. P. Kharlamov},
  journal={Zeitschrift f{\"u}r Naturforschung A},
  year={1995},
  volume={50},
  pages={693 - 710}
}
@misc{Choi,
  doi = {10.48550/ARXIV.1608.07988},
  
  url = {https://arxiv.org/abs/1608.07988},
  
  author = {Choi, Keon},
  
  keywords = {Symplectic Geometry (math.SG), FOS: Mathematics, FOS: Mathematics},
  
  title = {Combinatorial embedded contact homology for toric contact manifolds},
  
  publisher = {arXiv},
  
  year = {2016},
  
  copyright = {arXiv.org perpetual, non-exclusive license}
}
@article{CristofaroGardiner2019SymplecticEF,
  title={Symplectic embeddings from concave toric domains into convex ones},
  author={Daniel Cristofaro-Gardiner},
  journal={Journal of Differential Geometry},
  year={2019}
}
@article{Casals2020SharpEE,
  title={Sharp Ellipsoid Embeddings and Toric Mutations},
  author={Roger Casals and Renato Vianna},
  journal={arXiv: Symplectic Geometry},
  year={2020}
}
@article{CristofaroGardiner2020OnIS,
  title={On infinite staircases in toric symplectic four-manifolds},
  author={Daniel Cristofaro-Gardiner and Tara S. Holm and Alessia Mandini and Ana Rita Pires},
  journal={arXiv: Symplectic Geometry},
  year={2020}
}
@article{Hutchings2014BeyondEC,
  title={Beyond ECH capacities},
  author={Michael Hutchings},
  journal={arXiv: Symplectic Geometry},
  year={2014}
}
@article{Ramos2015SymplecticEA,
  title={Symplectic embeddings and the lagrangian bidisk},
  author={Vinicius Gripp Barros Ramos},
  journal={Duke Mathematical Journal},
  year={2015},
  volume={166},
  pages={1703-1738},
  url={https://api.semanticscholar.org/CorpusID:119135984}
}
@article{Ramos2017OnTR,
  title={On the rigidity of lagrangian products},
  author={Vinicius Gripp Barros Ramos and Daniele Sepe},
  journal={Journal of Symplectic Geometry},
  year={2017},
  url={https://api.semanticscholar.org/CorpusID:119170393}
}

@inproceedings{CristofaroGardiner2023OnTA,
  title={On the agreement of symplectic capacities in high dimension},
  author={Daniel Cristofaro-Gardiner and Richard Hind},
  year={2023},
  url={https://api.semanticscholar.org/CorpusID:260125166}
}
@inproceedings{Baracco2023OnTL,
  title={On the local maximizers of higher capacity ratios},
  author={Luca Baracco and Olga Bernardi and Christian Lange and Marco Mazzucchelli},
  year={2023},
  url={https://api.semanticscholar.org/CorpusID:257687534}
}
@inproceedings{Gutt2023CharacterizingSC,
  title={Characterizing symplectic capacities on ellipsoids},
  author={Jean Gutt and Vinicius G. B. Ramos},
  year={2023},
  url={https://api.semanticscholar.org/CorpusID:266163110}
}
@inproceedings{Abbondandolo2023SymplecticCO,
  title={Symplectic capacities of domains close to the ball and Banach-Mazur geodesics in the space of contact forms},
  author={Alberto Abbondandolo and Gabriele Benedetti and Oliver Edtmair},
  year={2023},
  url={https://api.semanticscholar.org/CorpusID:266174417}
}
@article{Gutt2017SymplecticCF,
  title={Symplectic capacities from positive
S1–equivariant symplectic homology},
  author={Jean Gutt and Michael Hutchings},
  journal={Algebraic \& Geometric Topology},
  year={2017},
  url={https://api.semanticscholar.org/CorpusID:119559181}
}
@inproceedings{Ferreira2023GromovWO,
  title={Gromov width of the disk cotangent bundle of spheres of revolution},
  author={Brayan Ferreira and Vinicius Gripp Barros Ramos and Alejandro Vicente},
  year={2023},
  url={https://api.semanticscholar.org/CorpusID:256080748}
}

@article{Gromov1985PseudoHC,
  title={Pseudo holomorphic curves in symplectic manifolds},
  author={Mikhael Gromov},
  journal={Inventiones mathematicae},
  year={1985},
  volume={82},
  pages={307-347},
  url={https://api.semanticscholar.org/CorpusID:4983969}
}

@article{Gutt2022ExamplesAT,
  title={Examples around the strong Viterbo conjecture},
  author={Jean Gutt and Michael Hutchings and Vinicius Gripp Barros Ramos},
  journal={Journal of Fixed Point Theory and Applications},
  year={2022},
  volume={24},
  url={https://api.semanticscholar.org/CorpusID:255405308}
}

@article{ArtsteinAvidan2013FromSM,
  title={From symplectic measurements to the Mahler conjecture},
  author={Shiri Artstein-Avidan and Roman N. Karasev and Y Ostrover},
  journal={Duke Mathematical Journal},
  year={2013},
  volume={163},
  pages={2003-2022},
  url={https://api.semanticscholar.org/CorpusID:43483415}
}


@article{CristofaroGardiner2020OnIS,
  title={On infinite staircases in toric symplectic four-manifolds},
  author={Daniel Cristofaro-Gardiner and Tara S. Holm and Alessia Mandini and Ana Rita Pires},
  journal={arXiv: Symplectic Geometry},
  year={2020},
  url={https://api.semanticscholar.org/CorpusID:220919783}
}

@article{Biran2001LagrangianBA,
  title={Lagrangian barriers and symplectic embeddings
},
  author={Paul Biran},
  journal={Geometric \& Functional Analysis GAFA},
  year={2001},
  volume={11},
  pages={407-464},
  url={https://api.semanticscholar.org/CorpusID:122402893}
}

@article{CristofaroGardiner2014SymplecticEF,
  title={Symplectic embeddings from concave toric domains into convex ones},
  author={Daniel Cristofaro-Gardiner},
  journal={Journal of Differential Geometry},
  year={2014},
  url={https://api.semanticscholar.org/CorpusID:118146616}
}

@inproceedings{HaimKislev2024ACT,
  title={A Counterexample to Viterbo's Conjecture},
  author={Pazit Haim-Kislev and Y Ostrover},
  year={2024},
  url={https://api.semanticscholar.org/CorpusID:270063056}
}

@article{Choi2013SymplecticEI,
  title={Symplectic embeddings into four‐dimensional concave toric domains},
  author={Keon Choi and Michael Hutchings and Daniel Cristofaro-Gardiner and David Frenkel and Vinicius Gripp Barros Ramos},
  journal={Journal of Topology},
  year={2013},
  volume={7},
  url={https://api.semanticscholar.org/CorpusID:119143503}
}

@article{Hutchings2010QuantitativeEC,
  title={Quantitative embedded contact homology},
  author={Michael Hutchings},
  journal={arXiv: Symplectic Geometry},
  year={2010},
  url={https://api.semanticscholar.org/CorpusID:117260498}
}

@inproceedings{Ferreira2023GromovWO,
  title={Gromov width of the disk cotangent bundle of spheres of revolution},
  author={Brayan Ferreira and Vinicius Gripp Barros Ramos and Alejandro Vicente},
  year={2023},
  url={https://api.semanticscholar.org/CorpusID:256080748}
}
]
@article{Gromov,
  title={Convex symplectic manifolds},
  author={Yakov Eliashberg and Mikhail Gromov},
  journal={Proc. Symp. Pure Math. 52, Part 2, 135-162.},
  year={1991},
}

@article{Ferreira2021SymplecticEI,
  title={Symplectic embeddings into disk cotangent bundles},
  author={Brayan Ferreira and Vinicius Gripp Barros Ramos},
  journal={Journal of Fixed Point Theory and Applications},
  year={2021},
  volume={24},
  url={https://api.semanticscholar.org/CorpusID:238407907}
}


@inproceedings{Geiges2008AnIT,
  title={An introduction to contact topology},
  author={Hansjorg Geiges},
  year={2008},
  url={https://api.semanticscholar.org/CorpusID:118286676}
}

@inproceedings{Schlenk2005EmbeddingPI,
  title={Embedding Problems in Symplectic Geometry},
  author={Felix Schlenk},
  year={2005},
  url={https://api.semanticscholar.org/CorpusID:118267261}
}

@article{Biran2001LagrangianBA,
  title={Lagrangian barriers and symplectic embeddings
},
  author={Paul Biran},
  journal={Geometric \& Functional Analysis GAFA},
  year={2001},
  volume={11},
  pages={407-464},
  url={https://api.semanticscholar.org/CorpusID:122402893}
}

@article{Ramos2017OnTR,
  title={On the rigidity of lagrangian products},
  author={Vinicius Gripp Barros Ramos and Daniele Sepe},
  journal={Journal of Symplectic Geometry},
  year={2017},
  url={https://api.semanticscholar.org/CorpusID:119170393}
}

@article{Latschev2011TheGW,
  title={The Gromov width of 4-dimensional tori},
  author={Janko Latschev and Dusa Mcduff and Felix Schlenk},
  journal={Geometry \& Topology},
  year={2011},
  volume={17},
  pages={2813-2853},
  url={https://api.semanticscholar.org/CorpusID:56394873}
}


@article{Mcduff1991BlowUA,
  title={Blow ups and symplectic embeddings in dimension 4},
  author={Dusa Mcduff},
  journal={Topology},
  year={1991},
  volume={30},
  pages={409-421},
  url={https://api.semanticscholar.org/CorpusID:123361538}
}

@article{Vianna,
  title={On singular Lagrangian fibrations and symplectic embeddings},
  author={Eddy Santiago Andrango and Renato Vianna and Alejandro Vicente},
  year={in preparation},
}


@article{Sackel2021OnCQ,
  title={On certain quantifications of Gromov’s
nonsqueezing theorem},
  author={Kevin Sackel and Antoine Song and Umut Varolgunes and Jonathan J. Zhu},
  journal={Geometry \& Topology},
  year={2021},
  url={https://api.semanticscholar.org/CorpusID:233481187}
}

@article{Traynor1995SymplecticPC,
  title={Symplectic packing constructions},
  author={Lisa Traynor},
  journal={Journal of Differential Geometry},
  year={1995},
  volume={42},
  pages={411-429},
  url={https://api.semanticscholar.org/CorpusID:118271885}
}

@inproceedings{Cieliebak2005QuantitativeSG,
  title={Quantitative symplectic geometry},
  author={Kai Cieliebak and Helmut Hofer and Janko Latschev and Felix Schlenk},
  year={2005},
  url={https://api.semanticscholar.org/CorpusID:42979233}
}

@article{Viterbo2000MetricAI,
  title={Metric and isoperimetric problems in symplectic geometry},
  author={Claude Viterbo},
  journal={Journal of the American Mathematical Society},
  year={2000},
  volume={13},
  pages={411-431},
  url={https://api.semanticscholar.org/CorpusID:8239682}
}

@article{Saeki2020ReebSO,
  title={Reeb Spaces of Smooth Functions on Manifolds},
  author={Osamu Saeki},
  journal={International Mathematics Research Notices},
  year={2020},
  url={https://api.semanticscholar.org/CorpusID:219179716}
}

@article{Nelson2017AutomaticTI,
  title={Automatic transversality in contact homology II: filtrations and computations},
  author={Jo Nelson},
  journal={Proceedings of the London Mathematical Society},
  year={2017},
  volume={120}
}

@article{Evans2019ConstructingLM,
  title={Constructing local models for Lagrangian torus fibrations},
  author={Jonathan D. Evans and Mirko Mauri},
  journal={Annales Henri Lebesgue},
  year={2019},
  url={https://api.semanticscholar.org/CorpusID:162168973}
}

@article{Eliasson1990NormalFF,
  title={Normal forms for Hamiltonian systems with Poisson commuting integrals—elliptic case},
  author={L. Hakan Eliasson},
  journal={Commentarii Mathematici Helvetici},
  year={1990},
  volume={65},
  pages={4-35}
}

@article{Karasev2019MahlersCF,
  title={Mahler’s conjecture for some hyperplane sections},
  author={Roman N. Karasev},
  journal={Israel Journal of Mathematics},
  year={2019},
  volume={241},
  pages={795 - 815},
  url={https://api.semanticscholar.org/CorpusID:119576683}
}

@inproceedings{Rao1991TheoryOO,
  title={Theory of Orlicz spaces},
  author={Malempati M. Rao and Zhong Dao Ren},
  year={1991},
  url={https://api.semanticscholar.org/CorpusID:118837525}
}
