% Add bibliography entries here. Example:
% @article{author2024example,
%   author  = {First Author and Second Author},
%   title   = {An Example Article Relevant to the Thesis},
%   journal = {Journal Name},
%   year    = {2024},
%   volume  = {42},
%   number  = {7},
%   pages   = {1--20},
%   doi     = {10.0000/example-doi}
% }

@article{Viterbo2000,
  author  = {Claude Viterbo},
  title   = {Metric and isoperimetric problems in symplectic geometry},
  journal = {Journal of the American Mathematical Society},
  year    = {2000},
  volume  = {13},
  number  = {2},
  pages   = {411--431}
}

@incollection{CHLS2007,
  author    = {Kai Cieliebak and Helmut Hofer and Janko Latschev and Felix Schlenk},
  title     = {Quantitative symplectic geometry},
  booktitle = {Dynamics, Ergodic Theory, and Geometry},
  series    = {Mathematical Sciences Research Institute Publications},
  volume    = {54},
  publisher = {Cambridge University Press},
  address   = {Cambridge},
  year      = {2007},
  pages     = {1--44}
}

@article{McDuffSchlenk2012,
  author  = {Dusa McDuff and Felix Schlenk},
  title   = {The embedding capacity of 4-dimensional symplectic ellipsoids},
  journal = {Annals of Mathematics},
  year    = {2012},
  volume  = {175},
  number  = {3},
  pages   = {1191--1282}
}

@article{CristofaroGardiner2015,
  author  = {Daniel Cristofaro-Gardiner and Michael Hutchings and Vinicius G. B. Ramos},
  title   = {The asymptotics of ECH capacities},
  journal = {Inventiones mathematicae},
  year    = {2015},
  volume  = {199},
  pages   = {187--214}
}

@article{CristofaroGardiner2020,
  author  = {Daniel Cristofaro-Gardiner and Nikhil Savale},
  title   = {Sub-leading asymptotics of ECH capacities},
  journal = {Selecta Mathematica},
  year    = {2020},
  volume  = {26},
  number  = {65}
}

@incollection{Hutchings2014,
  author    = {Michael Hutchings},
  title     = {Lecture notes on embedded contact homology},
  booktitle = {Contact and Symplectic Topology},
  series    = {Bolyai Society Mathematical Studies},
  volume    = {26},
  year      = {2014},
  pages     = {389--484}
}

@article{Hutchings2022,
  author  = {Michael Hutchings},
  title   = {An elementary alternative to ECH capacities},
  journal = {Proceedings of the National Academy of Sciences},
  year    = {2022},
  volume  = {119},
  number  = {35},
  pages   = {e2203090119}
}

@article{Wormleighton2021,
  author  = {Ben Wormleighton},
  title   = {{ECH} capacities, Ehrhart theory, and toric varieties},
  journal = {Journal of Symplectic Geometry},
  year    = {2021},
  volume  = {19},
  number  = {2},
  pages   = {475--506}
}

@article{HaimKislev2019,
  author  = {Pazit Haim-Kislev},
  title   = {On the symplectic size of convex polytopes},
  journal = {Algebraic \& Geometric Topology},
  year    = {2019},
  volume  = {19},
  pages   = {2813--2853}
}

@article{HaimKislevOstrover2024,
  author  = {Pazit Haim-Kislev and Yaron Ostrover},
  title   = {A counterexample to Viterbo's conjecture},
  journal = {arXiv preprint},
  eprint  = {2405.16513},
  year    = {2024}
}

@article{ArtsteinAvidanMilmanOstrover2008,
  author  = {Shiri Artstein-Avidan and Vitali Milman and Yaron Ostrover},
  title   = {The M-ellipsoid, symplectic capacities and volume},
  journal = {Commentarii Mathematici Helvetici},
  year    = {2008},
  volume  = {83},
  number  = {2},
  pages   = {359--369}
}

@article{ArtsteinAvidanKarasevOstrover2014,
  author  = {Shiri Artstein-Avidan and Roman Karasev and Yaron Ostrover},
  title   = {From symplectic measurements to the Mahler conjecture},
  journal = {Duke Mathematical Journal},
  year    = {2014},
  volume  = {163},
  number  = {11},
  pages   = {2003--2022}
}

@article{AbbondandoloBenedettiEdtmair2023,
  author  = {Alberto Abbondandolo and Gabriele Benedetti and Oliver Edtmair},
  title   = {Symplectic capacities of domains close to the ball and Banach--Mazur geodesics in the space of contact forms},
  journal = {arXiv preprint},
  eprint  = {2312.07363},
  year    = {2023}
}

@article{Gromov1985,
  author  = {Mikhail Gromov},
  title   = {Pseudoholomorphic curves in symplectic manifolds},
  journal = {Inventiones mathematicae},
  year    = {1985},
  volume  = {82},
  pages   = {307--347}
}

@article{Irie2022,
  author  = {Kei Irie},
  title   = {Symplectic homology of fiberwise convex sets and homology of loop spaces},
  journal = {Journal of Symplectic Geometry},
  year    = {2022},
  volume  = {20},
  number  = {2},
  pages   = {417--470}
}
